00572cas a22002171a 4500
001 9917738293502836
003 Nz
005 20161223172958.0
008 040115d18991899nz  r ne      0   0 eng d
035    $a (Nz)8187818
035    $a (NLNZils)1773829
035    $a (NLNZils)1773829-ilsdb
035    $a (OCoLC)947774636
040    $a WN $c WN
042    $a nznb
043    $a u-nz---
245 00 $a Whakatane times and Opouriao advocate.
260    $a Whakatane [N.Z.]
362 0  $a 1899 Feb.11-1899?
651  0 $a Whakatane (N.Z.) $v Newspapers.
655  7 $a New Zealand newspapers. $2 local $5 Nz
